@article{pomerleau1988alvinn,
  title={Alvinn: An autonomous land vehicle in a neural network},
  author={Pomerleau, Dean A},
  journal={Advances in neural information processing systems},
  volume={1},
  year={1988}
}
